@MISC {mo-hyperphantoms,
    TITLE = {Are spectra really the same as cohomology theories?},
    AUTHOR = {Goodwillie, T.},
    HOWPUBLISHED = {MathOverflow},
    EPRINT = {https://mathoverflow.net/q/117768},
    URL = {https://mathoverflow.net/q/117768}
}

@article{friedman4221elementary,
  title={An elementary illustrated introduction to simplicial sets. 2008},
  author={Friedman, G},
  journal={arXiv preprint arXiv:0809.4221}
}

@MISC{riehl-sset,
	TITLE = {A Leisurely Introduction to Simplicial Sets},
	AUTHOR={Riehl, E.},
	URL = {http://www.math.jhu.edu/~eriehl/ssets.pdf}
}

@book{goerss-jardine,
  title={Simplicial Homotopy Theory},
  author={Goerss, P.G. and Jardine, J.F.},
  isbn={9783034887076},
  lccn={99029941},
  series={Progress in Mathematics},
  url={https://books.google.com/books?id=iFv2BwAAQBAJ},
  year={2012},
  publisher={Birkh{\"a}user Basel}
}

@book{May,
  title={A Concise Course in Algebraic Topology},
  author={May, J.P.},
  isbn={9780226511832},
  lccn={99296133},
  series={Chicago Lectures in Mathematics},
  url={https://books.google.com/books?id=g8SG03R1bpgC},
  year={1999},
  publisher={University of Chicago Press}
}

@MISC{May-history,
	TITLE={Stable Algebraic Topology, 1945---1966},
	AUTHOR={May, J.P.},
	URL={https://www.math.uchicago.edu/~may/PAPERS/history.pdf}
}

@book{Hatcher,
  title={Algebraic Topology},
  author={Hatcher, A.},
  isbn={9780521541862},
  url={https://books.google.com/books?id=cFgAPAAACAAJ},
  year={2003},
  publisher={Cambridge University Press}
}

@MISC{Cary-stable,
	TITLE={The stable homotopy category},
	AUTHOR={Malkiewich, C.},
	URL={http://people.math.binghamton.edu/malkiewich//stable.pdf}
}

@MISC{Cary-no-pushout,
	TITLE={Pushouts in the homotopy category do not exist},
	AUTHOR={Malkiewich, C.},
	URL={http://people.math.binghamton.edu/malkiewich/no_pushout.pdf}
}

@MISC{Cary-gluing,
	TITLE={The gluing lemma is left-properness},
	AUTHOR={Malkiewich, C.},
	URL={http://people.math.binghamton.edu/malkiewich/gluing_leftproper.pdf}
}

@MISC{Torres-cat,
	TITLE={Notes on Category Theory},
	AUTHOR={Torres, G.},
	URL={https://web.ma.utexas.edu/users/gdavtor/notes/category_notes.pdf}
}

@MISC{WOMP,
	TITLE={WOMP 2004: Category Theory},
	AUTHOR={Guillou, B. and Skiadas, H.},
	URL={https://faculty.math.illinois.edu/~bertg/WOMP-CategoryTheory.pdf}
}

@MISC {Ronnie-brown-stack-exchange,
    TITLE = {Eckmann-Hilton and higher homotopy groups},
    AUTHOR = {Brown, R.},
    HOWPUBLISHED = {Mathematics Stack Exchange},
    EPRINT = {https://math.stackexchange.com/q/162329},
    URL = {https://math.stackexchange.com/q/162329}
}

@book{Riehl-context,
  title={Category Theory in Context},
  author={Riehl, E.},
  isbn={9780486809038},
  lccn={2016498457},
  series={Aurora: Dover Modern Math Originals},
  url={https://books.google.com/books?id=Sr09DQAAQBAJ},
  year={2016},
  publisher={Dover Publications}
}

@MISC{Strickland-cgwh,
	TITLE={The Category of CGWH Spaces},
	AUTHOR={Strickland, N.P.},
	URL={https://neil-strickland.staff.shef.ac.uk/courses/homotopy/cgwh.pdf}
}

@article {Steenrod-convenient-cat,
    AUTHOR = {Steenrod, N. E.},
     TITLE = {A convenient category of topological spaces},
   JOURNAL = {Michigan Math. J.},
  FJOURNAL = {The Michigan Mathematical Journal},
    VOLUME = {14},
      YEAR = {1967},
     PAGES = {133--152},
      ISSN = {0026-2285},
   MRCLASS = {54.22 (55.00)},
  MRNUMBER = {0210075},
MRREVIEWER = {Ronald Brown},
       URL = {http://projecteuclid.org/euclid.mmj/1028999711},
}

@MISC {top-op-mathse,
    TITLE = {What is the opposite category of $\operatorname{Top}$?},
    AUTHOR = {Wofsey, E.},
    HOWPUBLISHED = {Mathematics Stack Exchange},
    EPRINT = {https://math.stackexchange.com/q/1711353},
    URL = {https://math.stackexchange.com/q/1711353}
}